<record xmlns:xsi="http://www.w3.org/2001/XMLSchema-instance" xmlns="http://www.loc.gov/MARC21/slim" xsi:schemaLocation="http://www.loc.gov/MARC21/slim http://www.loc.gov/standards/marcxml/schema/MARC21slim.xsd">

  <leader>00592nam a2200181   4500</leader>
  <datafield ind2=" " ind1=" " tag="999">
    <subfield code="c">3520</subfield>
    <subfield code="d">3520</subfield>
  </datafield>
  <controlfield tag="008">180620b2003    SP ||||| |||| 00| | spa d</controlfield>
  <datafield ind2=" " tag="020" ind1=" ">
    <subfield code="a">8433017489</subfield>
  </datafield>
  <datafield tag="090" ind1=" " ind2=" ">
    <subfield code="a">06.01.01</subfield>
    <subfield code="b">2480</subfield>
  </datafield>
  <datafield ind2=" " ind1=" " tag="100">
    <subfield code="9">3804</subfield>
    <subfield code="a">Bara, Francisco Esteban</subfield>
    <subfield code="e">Coordinador/a</subfield>
  </datafield>
  <datafield ind2="3" tag="245" ind1="1">
    <subfield code="a">Mi querida educación en valores: Cartas entre docentes e investigadores /</subfield>
    <subfield code="c">Francisco Esteban Bara (Coordinador)</subfield>
  </datafield>
  <datafield ind2=" " ind1=" " tag="260">
    <subfield code="a">Bilbao :</subfield>
    <subfield code="b">Desclée,</subfield>
    <subfield code="c">2003</subfield>
  </datafield>
  <datafield ind1=" " tag="300" ind2=" ">
    <subfield code="a">193 páginas</subfield>
  </datafield>
  <datafield ind2=" " ind1=" " tag="490">
    <subfield code="a">Aprender a ser</subfield>
  </datafield>
  <datafield tag="650" ind1=" " ind2="0">
    <subfield code="a">EDUCACIÓN EN VALORES</subfield>
    <subfield code="9">719</subfield>
  </datafield>
  <datafield ind2="0" tag="650" ind1=" ">
    <subfield code="9">300</subfield>
    <subfield code="a">ESCUELAS </subfield>
  </datafield>
  <datafield ind1=" " tag="650" ind2="0">
    <subfield code="9">422</subfield>
    <subfield code="a">RELATOS PERSONALES</subfield>
  </datafield>
  <datafield ind2=" " ind1=" " tag="942">
    <subfield code="2">z</subfield>
    <subfield code="c">01</subfield>
  </datafield>
</record>